<?xml version="1.0" encoding="UTF-8"?><collection xmlns="http://www.loc.gov/MARC21/slim"><record><leader>00407nam--2200133-i-4500</leader><controlfield tag="001">000047473</controlfield><controlfield tag="002">20161230</controlfield><controlfield tag="005">20161230201046</controlfield><controlfield tag="008">060222s1000------------r-----000-0-eng-d</controlfield><datafield ind1=" " ind2=" " tag="080"><subfield code="a">538.91:548.1</subfield></datafield><datafield ind1=" " ind2=" " tag="100"><subfield code="a">Winkler,Helmut G</subfield></datafield><datafield ind1=" " ind2=" " tag="245"><subfield code="a">Struktur und gigenschaften der kristalle. eine einfuhrung in die geometrische. chemische und ph...</subfield></datafield><datafield ind1=" " ind2=" " tag="260"><subfield code="a">Berlin,Springer-verlag, 1955. Viii + 314 P</subfield></datafield><datafield ind1=" " ind2=" " tag="852"><subfield code="a">10396</subfield></datafield></record></collection>